@article{Arnason,
  author = "V. \'Arnason",
  journal = "Public Understand. Sci.",
  volume = "22",
  pages = "927",
  year= "2012"
}

@BOOK{Barker,
  author = {G. Barker},
  title = {The Agricultural Revolution in Prehistory: Why did Foragers become Farmers?},
  publisher = {Oxford University Press},
  year = {2006}
}

@article{Bocquet,
  author = "J. Bocquet-Appel",
  journal = "Science",
  volume = "333",
  pages = "560",
  year= "2011"
}

@BOOK{Bohme-Stehr,
  author = {G. B\"ohme and Nico Stehr},
  title = {The Knowledge Society},
  publisher = {Reidel},
  year = {1986}
}

@article{Boroush,
  author = "M. Boroush",
  journal = "National Science Foundation 16-316",
  year= "2016"
}

@BOOK{Burke,
  author = {J. Burke},
  title = {The Day the Universe Changed},
  publisher = {Back Bay Books},
  year = {1995}
}

@ONLINE{CERN,
  title={CERN web page},
  url={https://home.cern/}
}

@ONLINE{EIT,
  title={European Institute for Innovation and Technology},
  url={https://eit.europa.eu/}
}

@ONLINE{Euratom,
  title={Euratom},
  url={https://ec.europa.eu/programmes/horizon2020/en/h2020-section/euratom}
}

@ONLINE{ERC,
  title={European research council},
  url={https://erc.europa.eu/}
}

@ONLINE{ExcellentScience,
  title={Excellent science initiative},
  url={https://ec.europa.eu/programmes/horizon2020/en/h2020-section/excellent-science}
}

@ONLINE{FET,
  title={Future and emerging technologies},
  url={https://ec.europa.eu/programmes/horizon2020/en/h2020-section/future-and-emerging-technologies}
}

@ONLINE{FPBudget,
  title={Framework programme's budget growth},
  url={https://ec.europa.eu/research/fp7/index_en.cfm?pg=budget}
}

@ONLINE{FP4,
  title={FP4 programme},
  url={http://cordis.europa.eu/fp4/}
}

@ONLINE{FP5,
  title={FP5 programme},
  url={http://cordis.europa.eu/fp5/}
}

@ONLINE{FP6,
  title={FP6 programme},
  url={https://ec.europa.eu/research/fp6/index_en.cfm}
}

@ONLINE{FP7,
  title={FP7 programme},
  url={https://ec.europa.eu/research/fp7/index_en.cfm}
}

@BOOK{Galison,
  author = {P. Galison and B. Hevly},
  title = {Big Science: The Growth of Large-Scale Research},
  publisher = {Stanford University Press},
  year = {1992}
}

@article{Gibbons,
  author = "M. Gibbons",
  journal = "Nature",
  volume = "402",
  pages = "C81",
  year= "1999"
}

@BOOK{Griffin,
  author = {E. Griffin},
  title = {A Short History of the British Industrial Revolution},
  publisher = {Palgrave Macmillan},
  year = {2010}
}

@article{Heller,
  author = "M. A. Heller and R. S. Eisenberg",
  journal = "Science",
  volume = "280",
  pages = "698",
  year= "1998"
}

@BOOK{Holliman,
  author = {R. Holliman and others},
  title = {Investigating Science Communication in the Information Age},
  publisher = {Oxford University Press},
  year = {2008}
}

@ONLINE{Horizon2020,
  title={Horizon 2020},
  url={https://ec.europa.eu/programmes/horizon2020/en}
}

@ONLINE{H2020Budget,
  title={Factsheet: Horizon 2020 budget},
  url={https://ec.europa.eu/research/horizon2020/pdf/press/fact_sheet_on_horizon2020_budget.pdf}
}

@ONLINE{IndustrialLeadership,
  title={Industrial leadership initiative},
  url={https://ec.europa.eu/programmes/horizon2020/en/h2020-section/industrial-leadership}
}

@BOOK{Kersley,
  author = {R. Kersley and A. Koutsoukis},
  title = {The Global Wealth Report 2016},
  publisher = {Credit Suisse Research Institute},
  year = {2016}
}

@ONLINE{LIGO,
  title={LIGO web page},
  url={http://ligo.org/}
}

@BOOK{Maddison,
  author = {A. Maddison},
  title = {The World Economy: A Millennial Perspective},
  publisher = {OECD Publishing},
  year = {2006}
}

@BOOK{Mckenna,
  author = {A. McKenna},
  title = {A Human Right to Participate in the Information Society},
  publisher = {Hampton Pr},
  year = {2011}
}

@ONLINE{MSCA,
  title={MarieFuture and emerging technologies},
  url={https://ec.europa.eu/programmes/horizon2020/en/h2020-section/future-and-emerging-technologies}
}

@BOOK{Nowotny,
  author = {H. Nowotny and others},
  title = {Re-Thinking Science: Knowledge and the Public in an Age of Uncertainty},
  publisher = {Cambridge Polity Press},
  year = {2001}
}

@ONLINE{OECD,
  title={OECD data on gross domestic investments},
  url={https://data.oecd.org/rd/gross-domestic-spending-on-r-d.htm}
}

@BOOK{Pickstone,
  author = {J. V. Pickstone},
  title = {Ways of Knowing: A New History of Science, Technology and Medicine},
  publisher = {University Of Chicago Press},
  year = {2000}
}

@article{Powell,
  author = "W. W. Powell and K. Snellman",
  journal = "Annu. Rev. Sociol.",
  volume = "30",
  pages = "199",
  year= "2004"
}

@BOOK{Probst,
  author = {G. Probst and others},
  title = {Knowledge as a Strategic Resource, in Knowing in Firms: Understanding, Managing and Measuring Knowledge},
  publisher = {SAGE Publications Ltd},
  year = {1998}
}

@article{Shapin,
  author = "S. Shapin",
  journal = "Public Unerstand. Sci.",
  volume = "1",
  pages = "27",
  year= "1992"
}

@ONLINE{SocietalChallenges,
  title={Societal challenges initiative},
  url={https://ec.europa.eu/programmes/horizon2020/en/h2020-section/societal-challenges}
}

@BOOK{Trinder,
  author = {B. Trinder},
  title = {Britain's Industrial Revolution: The Making of Manufacturing People, 1700 - 1870},
  publisher = {Carnegie Publishing Ltd},
  year = {2013}
}

@ONLINE{UNESCO,
  title={UNESCO Institute for Statistics, Global Investments in R\&D},
  url={http://uis.unesco.org/sites/default/files/documents/fs42-global-investments-in-rd-2017-en.pdf}
}

@article{vanDijck,
  author = "J. van Dijck",
  journal = "Science Communication",
  volume = "25",
  pages = "177",
  year= "2003"
}

@ONLINE{Virgo,
  title={Virgo web page},
  url={http://www.virgo-gw.eu/}
}

@BOOK{Wynne,
  author = {B. Wynne},
  title = {Misundertood misunderstanding:
social identities and public uptake of
science, in Misunderstanding Science? The Public
Reconstruction of Science and Technology},
  publisher = {Cambridge University Press},
  year = {1996}
}

@BOOK{Zagorin,
  author = {P. Zagorin},
  title = {Francis Bacon},
  publisher = {Princeton University Press},
  year = {1998}
}